%% This BibTeX bibliography file was created using BibDesk.
%% http://bibdesk.sourceforge.net/


%% Created for Markus Felix Weber at 2016-03-24 21:24:42 +0100 


%% Saved with string encoding Unicode (UTF-8) 



@incollection{Popper:2008,
	Address = {Cambridge},
	Author = {Popper, K.},
	Booktitle = {{The Open Universe: An Argument for Indeterminism}},
	Date-Added = {2016-03-24 13:38:28 +0000},
	Date-Modified = {2016-03-24 14:23:52 +0000},
	Doi = {10.1017/CBfasd80511812149},
	Editor = {Ghost, H. and Mary, V.},
	Pages = {2--4},
	Publisher = {Cambridge University Press},
	Series = {London Mathematical Society Lecture Note Series},
	Title = {Quantum Theory and the Schism in Physics},
	Year = {2008},
	Bdsk-Url-1 = {http://dx.doi.org/10.1017/CBO9780511812149}}

@online{Wittgenstein:2015,
	Author = {Wittgenstein, L.},
	Date-Added = {2016-03-24 13:33:44 +0000},
	Date-Modified = {2016-03-24 14:34:43 +0000},
	Title = {{Stochastic Philosophy Service}},
	Url = {http://www.wittgenstein.org/},
	Urldate = {2010-09-30},
	Bdsk-Url-1 = {http://dx.doi.org/10.1016/j.bpj.2011.09.009}}

@inproceedings{Feuerbach:1949,
	Address = {Berkeley, CA},
	Author = {Feuerbach, L. and Schopenhauer, A. and Nietzsche, F. and Kant, I. and Heidegger, M. and Aurel, M. and Schopenhauer, A. and Tiberius, N. and Nero, L. D. A. and Justin II., F. I. and Theoderich, F. T.},
	Booktitle = {Proc. [First] Symp. on Infinita},
	Date-Added = {2016-03-24 13:33:39 +0000},
	Date-Modified = {2016-03-24 20:24:42 +0000},
	Pages = {112-412},
	Publisher = {University of California Press},
	Title = {De ratione una, universali, infinita},
	Year = {1949}}

@phdthesis{Carnap:2004,
	Author = {Carnap, R.},
	Date-Added = {2016-03-24 13:33:37 +0000},
	Date-Modified = {2016-03-24 14:25:45 +0000},
	School = {Universit{\'e} Paris VII - Denis Diderot},
	Title = {Introduction to Semantics},
	Year = {2005}}

@inbook{Adorno:2014,
	Address = {Belgrad},
	Author = {Adorno, T. W.},
	Chapter = {17},
	Date-Added = {2016-03-24 13:33:30 +0000},
	Date-Modified = {2016-03-24 16:01:35 +0000},
	Doi = {10.1307/976-1-4471-7361-0},
	Edition = {2nd},
	Editor = {Schumpeter, J.},
	Pages = {5-7},
	Publisher = {Springer},
	Series = {Series in Logic},
	Title = {{In Search of Wagner}},
	Volume = {5},
	Year = {2014},
	Bdsk-File-1 = {YnBsaXN0MDDUAQIDBAUGJCVYJHZlcnNpb25YJG9iamVjdHNZJGFyY2hpdmVyVCR0b3ASAAGGoKgHCBMUFRYaIVUkbnVsbNMJCgsMDxJXTlMua2V5c1pOUy5vYmplY3RzViRjbGFzc6INDoACgAOiEBGABIAFgAdccmVsYXRpdmVQYXRoWWFsaWFzRGF0YV8QNS4uLy4uLy4uLy4uLy4uLy4uLy4uLy4uL0Rvd25sb2Fkcy9qcHNfanBzajEyXzEyMDMuYmli0hcLGBlXTlMuZGF0YU8RAaIAAAAAAaIAAgAADE1hY2ludG9zaCBIRAAAAAAAAAAAAAAAAAAAAMym4rJIKwAAAA0oJBNqcHNfanBzajEyXzEyMDMuYmliAAAAAAAAAAAAAAAAAAAAAAAAAAAAAAAAAAAAAAAAAAAAAAAAAAAAAAAAAAAPu+Z30qjO+AAAAAAAAAAAAAgAAgAACSAAAAAAAAAAAAAAAAAAAAAJRG93bmxvYWRzAAAQAAgAAMymxpIAAAARAAgAANKowOgAAAABAAwADSgkAA0oIQACBjsAAgBCTWFjaW50b3NoIEhEOlVzZXJzOgBNYXJrdXMuRi5XZWJlcjoARG93bmxvYWRzOgBqcHNfanBzajEyXzEyMDMuYmliAA4AKAATAGoAcABzAF8AagBwAHMAagAxADIAXwAxADIAMAAzAC4AYgBpAGIADwAaAAwATQBhAGMAaQBuAHQAbwBzAGgAIABIAEQAEgAyVXNlcnMvTWFya3VzLkYuV2ViZXIvRG93bmxvYWRzL2pwc19qcHNqMTJfMTIwMy5iaWIAEwABLwAAFQACABX//wAAgAbSGxwdHlokY2xhc3NuYW1lWCRjbGFzc2VzXU5TTXV0YWJsZURhdGGjHR8gVk5TRGF0YVhOU09iamVjdNIbHCIjXE5TRGljdGlvbmFyeaIiIF8QD05TS2V5ZWRBcmNoaXZlctEmJ1Ryb290gAEACAARABoAIwAtADIANwBAAEYATQBVAGAAZwBqAGwAbgBxAHMAdQB3AIQAjgDGAMsA0wJ5AnsCgAKLApQCogKmAq0CtgK7AsgCywLdAuAC5QAAAAAAAAIBAAAAAAAAACgAAAAAAAAAAAAAAAAAAALn}}

@conference{Schopenhauer:2009,
	Address = {Bolzano},
	Author = {Schopenhauer, A. and Nietzsche, F. and Kant, I. and Feuerbach, L. and Aurel, M. and Schopenhauer, A. and Tiberius, N. and Nero, L. D. A. and Justin II., F. I. and Theoderich, F. T.},
	Booktitle = {{High Performance Systems, XGS '09}},
	Date-Added = {2016-03-24 13:33:25 +0000},
	Date-Modified = {2016-03-24 20:24:36 +0000},
	Doi = {10.13109/f345.40639.23},
	Pages = {113--121},
	Publisher = {IEEE},
	Title = {On the Fourfold Root of the Principle of Sufficient Reason},
	Year = {13-14 Oct. 2009},
	Bdsk-Url-1 = {http://dx.doi.org/10.1109/HiBi.2009.23}}

@unpublished{Schumpeter:2015,
	Author = {Schumpeter, J. and Feuerbach, L. and Nietzsche, F.},
	Date-Added = {2016-03-24 13:27:14 +0000},
	Date-Modified = {2016-03-24 16:08:01 +0000},
	Note = {arXiv:1201.04614v1},
	Title = {Economic doctrine and method: an historical sketch},
	Year = {2015}}

@book{Nietzsche:2014,
	Address = {Cambridge},
	Author = {Nietzsche, F.},
	Date-Added = {2016-03-24 13:27:03 +0000},
	Date-Modified = {2016-03-24 16:02:00 +0000},
	Edition = {1st},
	Publisher = {Cambridge University Press},
	Series = {Series in Philosophy},
	Title = {{Napoleon III als Pr{\"a}sident}},
	Year = {2014},
	Bdsk-File-1 = {YnBsaXN0MDDUAQIDBAUGJCVYJHZlcnNpb25YJG9iamVjdHNZJGFyY2hpdmVyVCR0b3ASAAGGoKgHCBMUFRYaIVUkbnVsbNMJCgsMDxJXTlMua2V5c1pOUy5vYmplY3RzViRjbGFzc6INDoACgAOiEBGABIAFgAdccmVsYXRpdmVQYXRoWWFsaWFzRGF0YV8QNS4uLy4uLy4uLy4uLy4uLy4uLy4uLy4uL0Rvd25sb2Fkcy9qcHNfanBzajEyXzEyMDMuYmli0hcLGBlXTlMuZGF0YU8RAaIAAAAAAaIAAgAADE1hY2ludG9zaCBIRAAAAAAAAAAAAAAAAAAAAMym4rJIKwAAAA0oJBNqcHNfanBzajEyXzEyMDMuYmliAAAAAAAAAAAAAAAAAAAAAAAAAAAAAAAAAAAAAAAAAAAAAAAAAAAAAAAAAAAPu+Z30qjO+AAAAAAAAAAAAAgAAgAACSAAAAAAAAAAAAAAAAAAAAAJRG93bmxvYWRzAAAQAAgAAMymxpIAAAARAAgAANKowOgAAAABAAwADSgkAA0oIQACBjsAAgBCTWFjaW50b3NoIEhEOlVzZXJzOgBNYXJrdXMuRi5XZWJlcjoARG93bmxvYWRzOgBqcHNfanBzajEyXzEyMDMuYmliAA4AKAATAGoAcABzAF8AagBwAHMAagAxADIAXwAxADIAMAAzAC4AYgBpAGIADwAaAAwATQBhAGMAaQBuAHQAbwBzAGgAIABIAEQAEgAyVXNlcnMvTWFya3VzLkYuV2ViZXIvRG93bmxvYWRzL2pwc19qcHNqMTJfMTIwMy5iaWIAEwABLwAAFQACABX//wAAgAbSGxwdHlokY2xhc3NuYW1lWCRjbGFzc2VzXU5TTXV0YWJsZURhdGGjHR8gVk5TRGF0YVhOU09iamVjdNIbHCIjXE5TRGljdGlvbmFyeaIiIF8QD05TS2V5ZWRBcmNoaXZlctEmJ1Ryb290gAEACAARABoAIwAtADIANwBAAEYATQBVAGAAZwBqAGwAbgBxAHMAdQB3AIQAjgDGAMsA0wJ5AnsCgAKLApQCogKmAq0CtgK7AsgCywLdAuAC5QAAAAAAAAIBAAAAAAAAACgAAAAAAAAAAAAAAAAAAALn}}

@article{Heidegger:1410,
	Author = {Heidegger, M. and von Hippo, A.},
	Date-Added = {2015-08-03 15:13:08 +0000},
	Date-Modified = {2016-03-24 18:47:35 +0000},
	Doi = {10.1607/BF5145949},
	Journal = {Nature},
	Number = {5},
	Pages = {14--452},
	Title = {No automatic Capitalization in Titles},
	Volume = {42},
	Year = {1410},
	Bdsk-Url-1 = {http://dx.doi.org/10.1007/BF01457949}}
